
@inproceedings{giuliano:et:al:eacl2006,
	Address = {Trento, Italy},
	Author = {Claudio Giuliano and Alberto Lavelli and Lorenza Romano},
	Booktitle = {Proceedings of the Eleventh Conference of the European Chapter of the Association for Computational Linguistics (EACL-2006)},
	Date-Modified = {2007-05-23 12:27:46 +0200},
	Month = {5-7 April},
	Publisher = {Association for Computational Linguistics},
	Title = {Exploiting Shallow Linguistic Information for Relation Extraction from Biomedical Literature},
	Year = {2006}}

